<mx:record xmlns="http://www.w3.org/TR/xhtml1/strict" xmlns:mx="http://www.loc.gov/MARC21/slim" xmlns:xsi="http://www.w3.org/2001/XMLSchema-instance"><mx:leader>00000cz   2200000n  4500</mx:leader><mx:controlfield tag="001">oca02349370 </mx:controlfield><mx:controlfield tag="005">20080306052642.0</mx:controlfield><mx:controlfield tag="008">880819n| acannaabn          |a aaa     c</mx:controlfield><mx:datafield ind1=" " ind2=" " tag="010"><mx:subfield code="a">nr 88007824</mx:subfield></mx:datafield><mx:datafield ind1=" " ind2=" " tag="040"><mx:subfield code="a">NjP</mx:subfield><mx:subfield code="b">eng</mx:subfield><mx:subfield code="c">NjP</mx:subfield><mx:subfield code="d">OCoLC</mx:subfield></mx:datafield><mx:datafield ind1="0" ind2=" " tag="100"><mx:subfield code="a">Marcellinus</mx:subfield></mx:datafield><mx:datafield ind1="0" ind2=" " tag="400"><mx:subfield code="a">Markellinos</mx:subfield></mx:datafield><mx:datafield ind1="0" ind2=" " tag="400"><mx:subfield code="a">Marcellino</mx:subfield></mx:datafield><mx:datafield ind1=" " ind2=" " tag="670"><mx:subfield code="a">Storie dello storico Tucidide, c1985:</mx:subfield><mx:subfield code="b">p. xv, etc. (Marcellino; biographer of Thucydides, nothing known about him for sure; Greek: Markellinos)</mx:subfield></mx:datafield><mx:datafield ind1=" " ind2=" " tag="670"><mx:subfield code="a">Ox. class. dict., 2nd ed.</mx:subfield><mx:subfield code="b">(Marcellinus; biographer of Thucydides; probably the scholar who, shortly after Justinian, isolated the Thucydidean scholia and gave the composition his name)</mx:subfield></mx:datafield><mx:datafield ind1=" " ind2=" " tag="670"><mx:subfield code="a">Kl. Pauly</mx:subfield><mx:subfield code="b">(Marcellinus (Greek: Markellinos); maybe same as Marcellinus, Rhetor, 5th cent. A.D.? [listed separately])</mx:subfield></mx:datafield><mx:datafield ind1=" " ind2=" " tag="675"><mx:subfield code="a">Enc. Brit., 15th ed.</mx:subfield></mx:datafield></mx:record>